<?xml version="1.0" encoding="UTF-8"?><record xmlns="http://www.loc.gov/MARC21/slim" xmlns:cinclude="http://apache.org/cocoon/include/1.0" xmlns:zs="http://www.loc.gov/zing/srw/">
  <leader>00345nz  a2200133n  4500</leader>
  <controlfield tag="001">no2009008718</controlfield>
  <controlfield tag="003">DLC</controlfield>
  <controlfield tag="005">20090123082454.0</controlfield>
  <controlfield tag="008">090121n| acannaabn          |n aaa     c</controlfield>
  <datafield tag="010" ind1=" " ind2=" ">
    <subfield code="a">no2009008718</subfield>
  </datafield>
  <datafield tag="035" ind1=" " ind2=" ">
    <subfield code="a">(OCoLC)oca07991435</subfield>
  </datafield>
  <datafield tag="040" ind1=" " ind2=" ">
    <subfield code="a">GU</subfield>
    <subfield code="b">eng</subfield>
    <subfield code="c">GU</subfield>
  </datafield>
  <datafield tag="100" ind1="1" ind2=" ">
    <subfield code="a">Olaza, Mo휍혖nica</subfield>
  </datafield>
  <datafield tag="670" ind1=" " ind2=" ">
    <subfield code="a">La cultura afro uruguaya, 200-?:</subfield>
    <subfield code="b">t.p. (Mo휍혖nica Olaza)</subfield>
  </datafield>
</record>